@article{einstein2012albert,
  title={Albert Einstein Quotes},
  author={Einstein, Albert},
  journal={Retrieved from BrainyQuote. com},
  year={2012}
}

@incollection{einstein2013einstein,
  title={Einstein on politics},
  author={Einstein, Albert},
  booktitle={Einstein on Politics},
  year={2013},
  publisher={Princeton University Press}
}